<record><leader>00000cas a2200000 a 4500</leader><controlfield tag="001">13238693</controlfield><controlfield tag="008">860305c19299999ncuwr ne      0   a0eng d</controlfield><datafield ind1=" " ind2=" " tag="010"><subfield code="a">sn 93064776 </subfield></datafield><datafield ind1=" " ind2=" " tag="040"><subfield code="a">NCS</subfield><subfield code="b">eng</subfield><subfield code="c">NCS</subfield><subfield code="d">NVJ</subfield><subfield code="d">OCL</subfield><subfield code="d">OCLCQ</subfield></datafield><datafield ind1=" " ind2=" " tag="032"><subfield code="a">388260</subfield><subfield code="b">USPS</subfield></datafield><datafield ind1=" " ind2=" " tag="042"><subfield code="a">msc</subfield></datafield><datafield ind1="0" ind2=" " tag="130"><subfield code="a">News-journal (Raeford, N.C.)</subfield></datafield><datafield ind1="1" ind2="4" tag="245"><subfield code="a">The news-journal.</subfield></datafield><datafield ind1=" " ind2=" " tag="260"><subfield code="a">Raeford, N.C. :</subfield><subfield code="b">Paul Dickson</subfield></datafield><datafield ind1=" " ind2=" " tag="300"><subfield code="a">v. :</subfield><subfield code="b">ill. ;</subfield><subfield code="c">58 cm.</subfield></datafield><datafield ind1=" " ind2=" " tag="310"><subfield code="a">Weekly</subfield></datafield><datafield ind1="0" ind2=" " tag="362"><subfield code="a">Vol. 25, no. 32 (Nov. 8, 1929).</subfield></datafield><datafield ind1=" " ind2=" " tag="752"><subfield code="a">United States</subfield><subfield code="b">North Carolina</subfield><subfield code="c">Hoke</subfield><subfield code="d">Raeford.</subfield></datafield><datafield ind1="0" ind2="4" tag="780"><subfield code="t">Hoke County news</subfield><subfield code="w">(DLC)sn 93064775</subfield></datafield><datafield ind1="0" ind2="4" tag="780"><subfield code="t">Hoke County journal</subfield><subfield code="w">(DLC)sn 93064774</subfield></datafield><datafield ind1=" " ind2=" " tag="936"><subfield code="a">Nov. 7, 1985</subfield></datafield></record>